

@misc{osc,
  title={Appendix. Using the Oscilloscope},
  author={Mark Dooner and Jihong Wang},
  year={2021},
  note={Accessed: 2023-01-15}
}

@misc{pec,
  title={Power Electronic Converters - Design and Experiment},
  author={Jihong Wang},
  year={2022},
  note={Accessed: 2023-01-15}
}

@misc{book,
  title={Power Electronics (ES3E0) and Power Electronics \& Devices (ES4D4) Part B. Converters and Inverters},
  author={Jihong Wang},
  year={2018},
  note={Accessed: 2023-01-15}
}