@article{chandra2015,
author = {Chandra, Krishna and Kumar, Rajeev and Uniyal, Shashank and Ramola, Vishal},
year = {2015},
month = {04},
pages = {2319-4197},
title = {A new design 6T Full Adder Circuit using Novel 2T XNOR Gates},
volume = {5},
journal = {IOSR Journal of VLSI and Signal Processing (IOSR-JVSP)},
doi = {10.9790/4200-05316368}
}

@book{weste2011cmos,
  title={CMOS VLSI Design: A Circuits and Systems Perspective},
  author={Neil H.E. Weste and David Money Harris},
  isbn={9780321547743},
  lccn={2010010675},
  year={2011},
  publisher={Addison Wesley}
}
